@article{RefWorks:doc:5ba9cbace4b086d708a4bdbe,
	author={Jiani Wu and Nguyen Tran},
	year={2018},
	title={Application of Blockchain Technology in Sustainable Energy Systems: An Overview},
	journal={Sustainability},
	volume={10},
	number={9},
	pages={3067},
	abstract={The Energy Internet has become a hot topic for the integration of sustainable energies. However, as a result, there are numerous sustainable energy forms and participants, the system is extremely complex, and some key issues are difficult to overcome, such as the control and management of distributed sustainable energy forms. On the other hand, blockchain technology consists of distributed data storage, peer-to-peer transmission, a consensus mechanism, encryption algorithms, and smart contracts. Applying the technical advantages of the blockchain to the Energy Internet can solve many of the problems that hinder its development. The purpose of this paper is to review the development of blockchain and the Energy Internet, and provide some references for the possible applications of blockchain technology to the Energy Internet. Firstly, the definition and characteristics of blockchain and the Energy Internet are introduced in detail. Secondly, the compatibility of the two is analyzed. Then, several application scenarios of blockchain in the Energy Internet are put forward. Finally, the challenges that still exist when applying the current blockchain technology to the Energy Internet are analyzed.},
	isbn={2071-1050},
	language={English},
	url={http://tut.summon.serialssolutions.com/2.0.0/link/0/eLvHCXMwrV3PS8MwFH64edCL6HQ4nRLwPM2SNE29bTKRgeyg4o9LSdMERejEbfrv-5J2dujBi8eGQMN7yffe1-Z9D4CzU9r7gQkmsQiDGHqUZspZaYwTmY00o9olMlzVuX9i1w_ReKweVzp_-StipVpwacczhwQ8tgnXXsGyLzUuQThNc8VFZJ2NG7COOULEVshVwGSOWy30QWUYUxF7IlpqlXLk_Ojzvmf2NDSbr6NTEPH_hdEh8Fxuw1aVMZJBubQdWLNFCzaWBcWzFrRHdbEaTqxO62wXJoP67zSZOjLEwPVqnvVLQeov6gSfbuoqKjIKxYCkUjI_J4OCTD48oNjPPbi7HN1eXPWqBgo9g7SB91Q_jrMo0ZmjNM9xTGkaayYNy7SRguosoYblyjmmrOfJQrqISZ0oI3N_-NvQLKaF3QfCucsS69UkGRc4SSEt1FboXGaKu0R34GRpuPSt1MlIkV9486a1eTsw9Db9nuG1rcMAujitXJz-5eIOdJceSasDN0uRuSKuC8zODv7jHYewiZmRKm_6daE5f1_YI2jMF_PjsLG-AER91eE},
	doi={10.3390/su10093067}
}
